<?xml version="1.0" encoding="UTF-8"?><collection xmlns="http://www.loc.gov/MARC21/slim"><record><leader>00589nam--2200169-i-4500</leader><controlfield tag="001">000020325</controlfield><controlfield tag="002">20161230</controlfield><controlfield tag="005">20161230201033</controlfield><controlfield tag="008">060222s1000------------r-----000-0-fre-d</controlfield><datafield ind1=" " ind2=" " tag="040"><subfield code="a">fre</subfield></datafield><datafield ind1=" " ind2=" " tag="080"><subfield code="a">539.173(043)</subfield></datafield><datafield ind1="1" ind2=" " tag="100"><subfield code="a">Fabbro, Bernard</subfield></datafield><datafield ind1="1" ind2="0" tag="245"><subfield code="a">Etude de la barriere de fission du noyau 213-th a l`aide de la reaction(d,pf).miss en evidence d`un troisieme puits associe a des configurations piriformes du noyau fissionnant</subfield><subfield code="b">These</subfield><subfield code="c">Bernard fabbro</subfield></datafield><datafield ind1=" " ind2=" " tag="260"><subfield code="a">Orsay</subfield><subfield code="b">Universite De Paris-sud</subfield><subfield code="c">1983</subfield></datafield><datafield ind1=" " ind2=" " tag="300"><subfield code="a">185 P</subfield></datafield><datafield ind1=" " ind2=" " tag="852"><subfield code="a">72415</subfield><subfield code="c">539.17</subfield></datafield><datafield ind1=" " ind2=" " tag="CAT"><subfield code="a">Sys</subfield><subfield code="c">20120625</subfield><subfield code="h">092521</subfield></datafield></record></collection>